@book{Brodland2004,
  title={Computational modeling of cell sorting, tissue engulfment, and related phenomena: A review},
  author={Brodland, ~G.~W.},
  journal={Applied Mechanics Reviews},
  volume={57},
  pages={47-76},
  year={2004}
}

@article{GOEL1970423,
title = "Self-sorting of isotropic cells",
journal = "Journal of Theoretical Biology",
volume = "28",
number = "3",
pages = "423 - 468",
year = "1970",
issn = "0022-5193",
doi = "https://doi.org/10.1016/0022-5193(70)90080-9",
url = "http://www.sciencedirect.com/science/article/pii/0022519370900809",
author = "Narendra Goel and Richard D. Campbell and Richard Gordon and Robert Rosen and Hugo Martinez and Martynas Yaas"
}

@article{GOEL1978103,
title = "Computer simulation of engulfment and other movements of embryonic tissues",
journal = "Journal of Theoretical Biology",
volume = "71",
number = "1",
pages = "103 - 140",
year = "1978",
issn = "0022-5193",
doi = "https://doi.org/10.1016/0022-5193(78)90215-1",
url = "http://www.sciencedirect.com/science/article/pii/0022519378902151",
author = "Narendra S. Goel and Gary Rogers"
}

@article{Mochizuk1998,
author = {Atsushi Mochizuki and Naoyuki Wada and Hiroyuki Ide and Yoh Iwasa},
title = {Cell-cell adhesion in limb formation, estimated from photographs of cell sorting experiments based on a spatial stochastic model},
journal = {Developmental Dynamics},
volume = {211},
number = {3},
pages = {204-214},
year = "1998"
}

@article{Glazier1992,
  title = {Simulation of biological cell sorting using a two-dimensional extended Potts model},
  author = {Graner, Francois and Glazier, James A.},
  journal = {Phys. Rev. Lett.},
  volume = {69},
  issue = {13},
  pages = {2013--2016},
  numpages = {0},
  year = {1992},
  month = {Sep},
  publisher = {American Physical Society},
  doi = {10.1103/PhysRevLett.69.2013},
  url = {https://link.aps.org/doi/10.1103/PhysRevLett.69.2013}
}

@article{Glazier1993,
  title = {Simulation of the differential adhesion driven rearrangement of biological cells},
  author = {Glazier, James A. and Graner, Francois},
  journal = {Phys. Rev. E},
  volume = {47},
  issue = {3},
  pages = {2128--2154},
  numpages = {0},
  year = {1993},
  month = {Mar},
  publisher = {American Physical Society},
  doi = {10.1103/PhysRevE.47.2128},
  url = {https://link.aps.org/doi/10.1103/PhysRevE.47.2128}
}

@article{HONDA1978523,
title = "Description of cellular patterns by Dirichlet domains: The two-dimensional case",
journal = "Journal of Theoretical Biology",
volume = "72",
number = "3",
pages = "523 - 543",
year = "1978",
issn = "0022-5193",
doi = "https://doi.org/10.1016/0022-5193(78)90315-6",
url = "http://www.sciencedirect.com/science/article/pii/0022519378903156",
author = "Hisao Honda"
}

@article{GRANER1993455,
title = "Can Surface Adhesion Drive Cell-rearrangement? Part I: Biological Cell-sorting",
journal = "Journal of Theoretical Biology",
volume = "164",
number = "4",
pages = "455 - 476",
year = "1993",
issn = "0022-5193",
doi = "https://doi.org/10.1006/jtbi.1993.1167",
url = "http://www.sciencedirect.com/science/article/pii/S0022519383711677",
author = "Francois Graner"
}

@incollection{HONDA1983191,
title = "Geometrical Models for Cells in Tissues",
editor = "G.H. Bourne and J.F. Danielli and K.W. Jeon",
series = "International Review of Cytology",
publisher = "Academic Press",
volume = "81",
pages = "191 - 248",
year = "1983",
issn = "0074-7696",
doi = "https://doi.org/10.1016/S0074-7696(08)62339-6",
url = "http://www.sciencedirect.com/science/article/pii/S0074769608623396",
author = "Hisao Honda"
}

@article {Honda1986,
	author = {Honda, Hisao and Yamanaka, Hachiro and Eguchi, Goro},
	title = {Transformation of a polygonal cellular pattern during sexual maturation of the avian oviduct epithelium: computer simulation},
	volume = {98},
	number = {1},
	pages = {1--19},
	year = {1986},
	publisher = {The Company of Biologists Ltd},
	journal = {Development}
}


@article{FLETCHER20142291,
title = "Vertex Models of Epithelial Morphogenesis",
journal = "Biophysical Journal",
volume = "106",
number = "11",
pages = "2291 - 2304",
year = "2014",
issn = "0006-3495",
doi = "https://doi.org/10.1016/j.bpj.2013.11.4498",
url = "http://www.sciencedirect.com/science/article/pii/S0006349513057949",
author = "Alexander Fletcher and Miriam Osterfield and Ruth E. Baker and Stanislav Y. Shvartsman"
}


@article {Silvanus2017,
	author = {Alt, Silvanus and Ganguly, Poulami and Salbreux, Guillaume},
	title = {Vertex models: from cell mechanics to tissue morphogenesis},
	volume = {372},
	number = {1720},
	year = {2017},
	doi = {10.1098/rstb.2015.0520},
	publisher = {The Royal Society},
	journal = {Philosophical Transactions of the Royal Society of London B: Biological Sciences}
}


@article{Munoz2017,
author = {Payman Mosaffa and Antonio Rodríguez‐Ferran and José J. Muñoz},
title = {Hybrid cell‐centred/vertex model for multicellular systems with equilibrium‐preserving remodelling},
journal = {International Journal for Numerical Methods in Biomedical Engineering},
volume = {34},
number = {3},
pages = {e2928},
year = "2017"
}

@Article{Mosaffa2015,
author="Mosaffa, Payman
and Asadipour, Nina
and Mill{\'a}n, Daniel
and Rodr{\'i}guez-Ferran, Antonio
and J Mu{\~{n}}oz, Jose",
title="Cell-centred model for the simulation of curved cellular monolayers",
journal="Computational Particle Mechanics",
year="2015",
month="Dec",
day="01",
volume="2",
number="4",
pages="359--370"
}

@article{Cahn1958,
author = {John W. Cahn and John E. Hilliard},
title = {Free Energy of a Nonuniform System. I. Interfacial Free Energy},
journal = {The Journal of Chemical Physics},
volume = {28},
number = {2},
pages = {258-267},
year = {1958}
}

@article{Cahn1979,
title = "A microscopic theory for antiphase boundary motion and its application to antiphase domain coarsening",
journal = "Acta Metallurgica",
volume = "27",
number = "6",
pages = "1085 - 1095",
year = "1979",
issn = "0001-6160",
doi = "https://doi.org/10.1016/0001-6160(79)90196-2",
url = "http://www.sciencedirect.com/science/article/pii/0001616079901962",
author = "Samuel M. Allen and John W. Cahn"
}

@article{Nonomura2012,
    author = {Nonomura, Makiko},
    journal = {PLOS ONE},
    publisher = {Public Library of Science},
    title = {Study on Multicellular Systems Using a Phase Field Model},
    year = {2012},
    month = {04},
    volume = {7},
    url = {https://doi.org/10.1371/journal.pone.0033501},
    pages = {1-9},
    number = {4},
    doi = {10.1371/journal.pone.0033501}
}

 @Article{BangerthHartmannKanschat2007,
    author =  {W. Bangerth and R. Hartmann and G. Kanschat},
    title =   {{deal.II} -- a General Purpose Object
               Oriented Finite Element Library},
    journal = {ACM Trans. Math. Softw.},
    year =    2007,
    volume =  33,
    number =  4,
    pages =   {24/1--24/27}
  }
  
  @article{li05,                                                                  
    AUTHOR = {Xiaoye S. Li},                                                    
    TITLE = {An Overview of {SuperLU}: Algorithms, Implementation,              
             and User Interface},                                               
    journal = toms,                                                             
    volume = {31},                                                              
    number = {3},                                                               
    month = {September},                                                        
    year = {2005},                                                              
    pages = {302-325},                                                          
}

@techreport{Trilinos2003,
title = "{An Overview of Trilinos}",
author = "Michael Heroux and Roscoe Bartlett and Vicki Howle Robert Hoekstra and Jonathan Hu and Tamara Kolda and Richard Lehoucq and Kevin Long and Roger Pawlowski and Eric Phipps and Andrew Salinger and Heidi Thornquist and Ray Tuminaro and James Willenbring and Alan Williams ",
institution = "Sandia National Laboratories",
number = "SAND2003-2927",
year = 2003}